@ARTICLE{Anderson_2018,
       author = {{Anderson}, Lauren and {Hogg}, David W. and {Leistedt}, Boris and
        {Price-Whelan}, Adrian M. and {Bovy}, Jo},
        title = "{Improving Gaia Parallax Precision with a Data-driven Model of Stars}",
      journal = {\aj},
     keywords = {catalogs, Hertzsprung?Russell and C?M diagrams, methods: statistical, parallaxes, Astrophysics - Astrophysics of Galaxies},
         year = 2018,
        month = Oct,
       volume = {156},
          eid = {145},
        pages = {145},
          doi = {10.3847/1538-3881/aad7bf},
archivePrefix = {arXiv},
       eprint = {1706.05055},
 primaryClass = {astro-ph.GA},
       adsurl = {https://ui.adsabs.harvard.edu/\#abs/2018AJ....156..145A},
      adsnote = {Provided by the SAO/NASA Astrophysics Data System}
}


@article{Astropy_2013,
	Adsnote = {Provided by the SAO/NASA Astrophysics Data System},
	Adsurl = {http://adsabs.harvard.edu/abs/2013A%26A...558A..33A},
	Archiveprefix = {arXiv},
	Author = {{Astropy Collaboration} and {Robitaille}, T.~P. and {Tollerud}, E.~J. and {Greenfield}, P. and {Droettboom}, M. and {Bray}, E. and {Aldcroft}, T. and {Davis}, M. and {Ginsburg}, A. and {Price-Whelan}, A.~M. and {Kerzendorf}, W.~E. and {Conley}, A. and {Crighton}, N. and {Barbary}, K. and {Muna}, D. and {Ferguson}, H. and {Grollier}, F. and {Parikh}, M.~M. and {Nair}, P.~H. and {Unther}, H.~M. and {Deil}, C. and {Woillez}, J. and {Conseil}, S. and {Kramer}, R. and {Turner}, J.~E.~H. and {Singer}, L. and {Fox}, R. and {Weaver}, B.~A. and {Zabalza}, V. and {Edwards}, Z.~I. and {Azalee Bostroem}, K. and {Burke}, D.~J. and {Casey}, A.~R. and {Crawford}, S.~M. and {Dencheva}, N. and {Ely}, J. and {Jenness}, T. and {Labrie}, K. and {Lim}, P.~L. and {Pierfederici}, F. and {Pontzen}, A. and {Ptak}, A. and {Refsdal}, B. and {Servillat}, M. and {Streicher}, O.},
	Date-Added = {2017-11-09 16:42:35 +0000},
	Date-Modified = {2017-11-09 16:42:35 +0000},
	Doi = {10.1051/0004-6361/201322068},
	Eid = {A33},
	Eprint = {1307.6212},
	Journal = {\aap},
	Keywords = {methods: data analysis, methods: miscellaneous, virtual observatory tools},
	Month = oct,
	Pages = {A33},
	Primaryclass = {astro-ph.IM},
	Title = {{Astropy: A community Python package for astronomy}},
	Volume = 558,
	Year = 2013,
	Bdsk-Url-1 = {http://dx.doi.org/10.1051/0004-6361/201322068}}

@ARTICLE{Casey_2016b,
       author = {{Casey}, Andrew R. and {Hogg}, David W. and {Ness}, Melissa and {Rix},
        Hans-Walter and {Ho}, Anna Q Y and {Gilmore}, Gerry},
        title = "{The Cannon 2: A data-driven model of stellar spectra for detailed chemical abundance analyses}",
      journal = {arXiv e-prints},
     keywords = {Astrophysics - Solar and Stellar Astrophysics},
         year = 2016,
        month = Mar,
          eid = {arXiv:1603.03040},
        pages = {arXiv:1603.03040},
archivePrefix = {arXiv},
       eprint = {1603.03040},
 primaryClass = {astro-ph.SR},
       adsurl = {https://ui.adsabs.harvard.edu/\#abs/2016arXiv160303040C},
      adsnote = {Provided by the SAO/NASA Astrophysics Data System}
}



@ARTICLE{Astropy_2018,
       author = {{Astropy Collaboration} and {Price-Whelan}, A.~M. and {Sip{\'{o}}cz},
        B.~M. and {G{\"u}nther}, H.~M. and {Lim}, P.~L. and {Crawford},
        S.~M. and {Conseil}, S. and {Shupe}, D.~L. and {Craig}, M.~W.
        and {Dencheva}, N. and {Ginsburg}, A. and {VanderPlas}, J.~T.
        and {Bradley}, L.~D. and {P{\'e}rez-Su{\'a}rez}, D. and {de Val-
        Borro}, M. and {Aldcroft}, T.~L. and {Cruz}, K.~L. and
        {Robitaille}, T.~P. and {Tollerud}, E.~J. and {Ardelean}, C. and
        {Babej}, T. and {Bach}, Y.~P. and {Bachetti}, M. and {Bakanov},
        A.~V. and {Bamford}, S.~P. and {Barentsen}, G. and {Barmby}, P.
        and {Baumbach}, A. and {Berry}, K.~L. and {Biscani}, F. and
        {Boquien}, M. and {Bostroem}, K.~A. and {Bouma}, L.~G. and
        {Brammer}, G.~B. and {Bray}, E.~M. and {Breytenbach}, H. and
        {Buddelmeijer}, H. and {Burke}, D.~J. and {Calderone}, G. and
        {Cano Rodr{\'\i}guez}, J.~L. and {Cara}, M. and {Cardoso},
        J.~V.~M. and {Cheedella}, S. and {Copin}, Y. and {Corrales}, L.
        and {Crichton}, D. and {D'Avella}, D. and {Deil}, C. and
        {Depagne}, {\'E}. and {Dietrich}, J.~P. and {Donath}, A. and
        {Droettboom}, M. and {Earl}, N. and {Erben}, T. and {Fabbro}, S.
        and {Ferreira}, L.~A. and {Finethy}, T. and {Fox}, R.~T. and
        {Garrison}, L.~H. and {Gibbons}, S.~L.~J. and {Goldstein}, D.~A.
        and {Gommers}, R. and {Greco}, J.~P. and {Greenfield}, P. and
        {Groener}, A.~M. and {Grollier}, F. and {Hagen}, A. and {Hirst},
        P. and {Homeier}, D. and {Horton}, A.~J. and {Hosseinzadeh}, G.
        and {Hu}, L. and {Hunkeler}, J.~S. and {Ivezi{\'c}}, {\v{Z}}.
        and {Jain}, A. and {Jenness}, T. and {Kanarek}, G. and
        {Kendrew}, S. and {Kern}, N.~S. and {Kerzendorf}, W.~E. and
        {Khvalko}, A. and {King}, J. and {Kirkby}, D. and {Kulkarni},
        A.~M. and {Kumar}, A. and {Lee}, A. and {Lenz}, D. and
        {Littlefair}, S.~P. and {Ma}, Z. and {Macleod}, D.~M. and
        {Mastropietro}, M. and {McCully}, C. and {Montagnac}, S. and
        {Morris}, B.~M. and {Mueller}, M. and {Mumford}, S.~J. and
        {Muna}, D. and {Murphy}, N.~A. and {Nelson}, S. and {Nguyen},
        G.~H. and {Ninan}, J.~P. and {N{\"o}the}, M. and {Ogaz}, S. and
        {Oh}, S. and {Parejko}, J.~K. and {Parley}, N. and {Pascual}, S.
        and {Patil}, R. and {Patil}, A.~A. and {Plunkett}, A.~L. and
        {Prochaska}, J.~X. and {Rastogi}, T. and {Reddy Janga}, V. and
        {Sabater}, J. and {Sakurikar}, P. and {Seifert}, M. and
        {Sherbert}, L.~E. and {Sherwood-Taylor}, H. and {Shih}, A.~Y.
        and {Sick}, J. and {Silbiger}, M.~T. and {Singanamalla}, S. and
        {Singer}, L.~P. and {Sladen}, P.~H. and {Sooley}, K.~A. and
        {Sornarajah}, S. and {Streicher}, O. and {Teuben}, P. and
        {Thomas}, S.~W. and {Tremblay}, G.~R. and {Turner}, J.~E.~H. and
        {Terr{\'o}n}, V. and {van Kerkwijk}, M.~H. and {de la Vega}, A.
        and {Watkins}, L.~L. and {Weaver}, B.~A. and {Whitmore}, J.~B.
        and {Woillez}, J. and {Zabalza}, V. and {Astropy Contributors}},
        title = "{The Astropy Project: Building an Open-science Project and Status of the v2.0 Core Package}",
      journal = {\aj},
     keywords = {methods: data analysis, methods: miscellaneous, methods: statistical, reference systems, Astrophysics - Instrumentation and Methods for Astrophysics},
         year = 2018,
        month = Sep,
       volume = {156},
          eid = {123},
        pages = {123},
          doi = {10.3847/1538-3881/aabc4f},
archivePrefix = {arXiv},
       eprint = {1801.02634},
 primaryClass = {astro-ph.IM},
       adsurl = {https://ui.adsabs.harvard.edu/\#abs/2018AJ....156..123A},
      adsnote = {Provided by the SAO/NASA Astrophysics Data System}
}



@ARTICLE{Ness_2015,
       author = {{Ness}, M. and {Hogg}, David W. and {Rix}, H. -W. and {Ho}, Anna. Y.~Q.
        and {Zasowski}, G.},
        title = "{The Cannon: A data-driven approach to Stellar Label Determination}",
      journal = {\apj},
     keywords = {methods: data analysis, methods: statistical, stars: abundances, stars: fundamental parameters, surveys, techniques: spectroscopic, Astrophysics - Solar and Stellar Astrophysics, Astrophysics - Astrophysics of Galaxies, Astrophysics - Instrumentation and Methods for Astrophysics},
         year = 2015,
        month = Jul,
       volume = {808},
          eid = {16},
        pages = {16},
          doi = {10.1088/0004-637X/808/1/16},
archivePrefix = {arXiv},
       eprint = {1501.07604},
 primaryClass = {astro-ph.SR},
       adsurl = {https://ui.adsabs.harvard.edu/\#abs/2015ApJ...808...16N},
      adsnote = {Provided by the SAO/NASA Astrophysics Data System}
}



@article{Hunter_2007,
	Author = {Hunter, John D and others},
	Date-Added = {2017-11-09 16:42:35 +0000},
	Date-Modified = {2017-11-09 16:42:35 +0000},
	Journal = {Computing in science and engineering},
	Number = {3},
	Pages = {90--95},
	Title = {Matplotlib: A 2D graphics environment},
	Volume = {9},
	Year = {2007}}
@article{Van-Der-Walt_2011,
	Author = {Van Der Walt, Stefan and Colbert, S Chris and Varoquaux, Gael},
	Date-Added = {2017-11-09 16:42:35 +0000},
	Date-Modified = {2017-11-09 16:42:35 +0000},
	Journal = {Computing in Science \& Engineering},
	Number = {2},
	Pages = {22--30},
	Publisher = {AIP Publishing},
	Title = {The NumPy array: a structure for efficient numerical computation},
	Volume = {13},
	Year = {2011}}


@misc{Jones_2001,
	Author = {Eric Jones and Travis Oliphant and Pearu Peterson and others},
	Date-Added = {2017-11-09 16:42:35 +0000},
	Date-Modified = {2017-11-09 16:42:35 +0000},
	Title = {{SciPy}: Open source scientific tools for {Python}},
	Url = {http://www.scipy.org/},
	Year = {2001},
	Bdsk-Url-1 = {http://www.scipy.org/}}

@ARTICLE{Cropper_2018,
   author = {{Cropper}, M. and {Katz}, D. and {Sartoretti}, P. and {Prusti}, T. and 
   {de Bruijne}, J.~H.~J. and {Chassat}, F. and {Charvet}, P. and 
   {Boyadijan}, J. and {Perryman}, M. and {Sarri}, G. and {Gare}, P. and 
   {Erdmann}, M. and {Munari}, U. and {Zwitter}, T. and {Wilkinson}, M. and 
   {Arenou}, F. and {Vallenari}, A. and {G{\'o}mez}, A. and {Panuzzo}, P. and 
   {Seabroke}, G. and {Allende Prieto}, C. and {Benson}, K. and 
   {Marchal}, O. and {Huckle}, H. and {Smith}, M. and {Dolding}, C. and 
   {Jan{\ss}en}, K. and {Viala}, Y. and {Blomme}, R. and {Baker}, S. and 
   {Boudreault}, S. and {Crifo}, F. and {Soubiran}, C. and {Fr{\'e}mat}, Y. and 
   {Jasniewicz}, G. and {Guerrier}, A. and {Guy}, L.~P. and {Turon}, C. and 
   {Jean-Antoine-Piccolo}, A. and {Th{\'e}venin}, F. and {David}, M. and 
   {Gosset}, E. and {Damerdji}, Y.},
    title = "{Gaia Radial Velocity Spectrometer}",
  journal = {ArXiv e-prints},
archivePrefix = "arXiv",
   eprint = {1804.09369},
 primaryClass = "astro-ph.IM",
 keywords = {Astrophysics - Instrumentation and Methods for Astrophysics},
     year = 2018,
    month = apr,
   adsurl = {http://adsabs.harvard.edu/abs/2018arXiv180409369C},
  adsnote = {Provided by the SAO/NASA Astrophysics Data System}
}
@article{Gaia-Collaboration_2018,
   Adsnote = {Provided by the SAO/NASA Astrophysics Data System},
   Adsurl = {http://adsabs.harvard.edu/abs/2018arXiv180409365G},
   Archiveprefix = {arXiv},
   Author = {{Gaia Collaboration} and {Brown}, A.~G.~A. and {Vallenari}, A. and {Prusti}, T. and {de Bruijne}, J.~H.~J. and {Babusiaux}, C. and {Bailer-Jones}, C.~A.~L.},
   Date-Added = {2018-04-28 21:42:31 +0000},
   Date-Modified = {2018-04-28 21:42:32 +0000},
   Eprint = {1804.09365},
   Journal = {ArXiv e-prints},
   Keywords = {Astrophysics - Astrophysics of Galaxies, Astrophysics - Instrumentation and Methods for Astrophysics},
   Month = apr,
   Title = {{Gaia Data Release 2. Summary of the contents and survey properties}},
   Year = 2018
}
@ARTICLE{Ambikasaran_2015,
       author = {{Ambikasaran}, Sivaram and {Foreman-Mackey}, Daniel and {Greengard},
        Leslie and {Hogg}, David W. and {O'Neil}, Michael},
        title = "{Fast Direct Methods for Gaussian Processes}",
      journal = {IEEE Transactions on Pattern Analysis and Machine Intelligence},
     keywords = {Mathematics - Numerical Analysis, Astrophysics - Instrumentation and Methods for Astrophysics, Mathematics - Statistics Theory, Mathematics - Numerical Analysis, Astrophysics - Instrumentation and Methods for Astrophysics, Mathematics - Statistics Theory},
         year = 2015,
        month = Jun,
       volume = {38},
        pages = {252},
          doi = {10.1109/TPAMI.2015.2448083},
archivePrefix = {arXiv},
       eprint = {1403.6015},
 primaryClass = {math.NA},
       adsurl = {https://ui.adsabs.harvard.edu/\#abs/2015ITPAM..38..252A},
      adsnote = {Provided by the SAO/NASA Astrophysics Data System}
}
@ARTICLE{Abolfathi_2018,
       author = {{Abolfathi}, Bela and {Aguado}, D.~S. and {Aguilar}, Gabriela and
        {Allende Prieto}, Carlos and {Almeida}, Andres and {Ananna},
        Tonima Tasnim and {Anders}, Friedrich and {Anderson}, Scott F.
        and {Andrews}, Brett H. and {Anguiano}, Borja and
        {Arag{\'o}n-Salamanca}, Alfonso and {Argudo-Fern{\'a}ndez},
        Maria and {Armengaud}, Eric and {Ata}, Metin and {Aubourg}, Eric
        and {Avila-Reese}, Vladimir and {Badenes}, Carles and {Bailey},
        Stephen and {Balland}, Christophe and {Barger}, Kathleen A. and
        {Barrera-Ballesteros}, Jorge and {Bartosz}, Curtis and
        {Bastien}, Fabienne and {Bates}, Dominic and {Baumgarten}, Falk
        and {Bautista}, Julian and {Beaton}, Rachael and {Beers},
        Timothy C. and {Belfiore}, Francesco and {Bender}, Chad F. and
        {Bernardi}, Mariangela and {Bershady}, Matthew A. and {Beutler},
        Florian and {Bird}, Jonathan C. and {Bizyaev}, Dmitry and
        {Blanc}, Guillermo A. and {Blanton}, Michael R. and {Blomqvist},
        Michael and {Bolton}, Adam S. and {Boquien}, M{\'e}d{\'e}ric and
        {Borissova}, Jura and {Bovy}, Jo and {Andres Bradna Diaz},
        Christian and {Brandt}, William Nielsen and {Brinkmann},
        Jonathan and {Brownstein}, Joel R. and {Bundy}, Kevin and
        {Burgasser}, Adam J. and {Burtin}, Etienne and {Busca},
        Nicol{\'a}s G. and {Ca{\~n}as}, Caleb I. and {Cano-D{\'\i}az},
        Mariana and {Cappellari}, Michele and {Carrera}, Ricardo and
        {Casey}, Andrew R. and {Cervantes Sodi}, Bernardo and {Chen},
        Yanping and {Cherinka}, Brian and {Chiappini}, Cristina and
        {Doohyun Choi}, Peter and {Chojnowski}, Drew and {Chuang}, Chia-
        Hsun and {Chung}, Haeun and {Clerc}, Nicolas and {Cohen}, Roger
        E. and {Comerford}, Julia M. and {Comparat}, Johan and {Correa
        do Nascimento}, Janaina and {da Costa}, Luiz and {Cousinou},
        Marie-Claude and {Covey}, Kevin and {Crane}, Jeffrey D. and
        {Cruz-Gonzalez}, Irene and {Cunha}, Katia and {da Silva Ilha},
        Gabriele and {Damke}, Guillermo J. and {Darling}, Jeremy and
        {Davidson}, James W., Jr. and {Dawson}, Kyle and {de Icaza
        Lizaola}, Miguel Angel C. and {de la Macorra}, Axel and {de la
        Torre}, Sylvain and {De Lee}, Nathan and {de Sainte Agathe},
        Victoria and {Deconto Machado}, Alice and {Dell'Agli}, Flavia
        and {Delubac}, Timoth{\'e}e and {Diamond-Stanic}, Aleksandar M.
        and {Donor}, John and {Downes}, Juan Jos{\'e} and {Drory}, Niv
        and {du Mas des Bourboux}, H{\'e}lion and {Duckworth},
        Christopher J. and {Dwelly}, Tom and {Dyer}, Jamie and {Ebelke},
        Garrett and {Davis Eigenbrot}, Arthur and {Eisenstein}, Daniel
        J. and {Elsworth}, Yvonne P. and {Emsellem}, Eric and
        {Eracleous}, Michael and {Erfanianfar}, Ghazaleh and
        {Escoffier}, Stephanie and {Fan}, Xiaohui and {Fern{\'a}ndez
        Alvar}, Emma and {Fernandez-Trincado}, J.~G. and {Fernando
        Cirolini}, Rafael and {Feuillet}, Diane and {Finoguenov}, Alexis
        and {Fleming}, Scott W. and {Font-Ribera}, Andreu and
        {Freischlad}, Gordon and {Frinchaboy}, Peter and {Fu}, Hai and
        {G{\'o}mez Maqueo Chew}, Yilen and {Galbany}, Llu{\'\i}s and
        {Garc{\'\i}a P{\'e}rez}, Ana E. and {Garcia-Dias}, R. and
        {Garc{\'\i}a-Hern{\'a}ndez}, D.~A. and {Garma Oehmichen}, Luis
        Alberto and {Gaulme}, Patrick and {Gelfand}, Joseph and {Gil-
        Mar{\'\i}n}, H{\'e}ctor and {Gillespie}, Bruce A. and {Goddard},
        Daniel and {Gonz{\'a}lez Hern{\'a}ndez}, Jonay I. and {Gonzalez-
        Perez}, Violeta and {Grabowski}, Kathleen and {Green}, Paul J.
        and {Grier}, Catherine J. and {Gueguen}, Alain and {Guo}, Hong
        and {Guy}, Julien and {Hagen}, Alex and {Hall}, Patrick and
        {Harding}, Paul and {Hasselquist}, Sten and {Hawley}, Suzanne
        and {Hayes}, Christian R. and {Hearty}, Fred and {Hekker},
        Saskia and {Hernandez}, Jesus and {Hernandez Toledo}, Hector and
        {Hogg}, David W. and {Holley-Bockelmann}, Kelly and {Holtzman},
        Jon A. and {Hou}, Jiamin and {Hsieh}, Bau-Ching and {Hunt},
        Jason A.~S. and {Hutchinson}, Timothy A. and {Hwang}, Ho Seong
        and {Jimenez Angel}, Camilo Eduardo and {Johnson}, Jennifer A.
        and {Jones}, Amy and {J{\"o}nsson}, Henrik and {Jullo}, Eric and
        {Khan}, Fahim Sakil and {Kinemuchi}, Karen and {Kirkby}, David
        and {Kirkpatrick}, Charles C., IV and {Kitaura}, Francisco-Shu
        and {Knapp}, Gillian R. and {Kneib}, Jean-Paul and {Kollmeier},
        Juna A. and {Lacerna}, Ivan and {Lane}, Richard R. and {Lang},
        Dustin and {Law}, David R. and {Le Goff}, Jean-Marc and {Lee},
        Young-Bae and {Li}, Hongyu and {Li}, Cheng and {Lian}, Jianhui
        and {Liang}, Yu and {Lima}, Marcos and {Lin}, Lihwai and {Long},
        Dan and {Lucatello}, Sara and {Lundgren}, Britt and {Mackereth},
        J. Ted and {MacLeod}, Chelsea L. and {Mahadevan}, Suvrath and
        {Maia}, Marcio Antonio Geimba and {Majewski}, Steven and
        {Manchado}, Arturo and {Maraston}, Claudia and {Mariappan},
        Vivek and {Marques-Chaves}, Rui and {Masseron}, Thomas and
        {Masters}, Karen L. and {McDermid}, Richard M. and {McGreer},
        Ian D. and {Melendez}, Matthew and {Meneses-Goytia}, Sofia and
        {Merloni}, Andrea and {Merrifield}, Michael R. and {Meszaros},
        Szabolcs and {Meza}, Andres and {Minchev}, Ivan and {Minniti},
        Dante and {Mueller}, Eva-Maria and {Muller-Sanchez}, Francisco
        and {Muna}, Demitri and {Mu{\~n}oz}, Ricardo R. and {Myers},
        Adam D. and {Nair}, Preethi and {Nandra}, Kirpal and {Ness},
        Melissa and {Newman}, Jeffrey A. and {Nichol}, Robert C. and
        {Nidever}, David L. and {Nitschelm}, Christian and {Noterdaeme},
        Pasquier and {O'Connell}, Julia and {Oelkers}, Ryan James and
        {Oravetz}, Audrey and {Oravetz}, Daniel and {Ort{\'\i}z}, Erik
        Aquino and {Osorio}, Yeisson and {Pace}, Zach and {Padilla},
        Nelson and {Palanque-Delabrouille}, Nathalie and {Palicio},
        Pedro Alonso and {Pan}, Hsi-An and {Pan}, Kaike and {Parikh},
        Taniya and {P{\^a}ris}, Isabelle and {Park}, Changbom and
        {Peirani}, Sebastien and {Pellejero-Ibanez}, Marcos and {Penny},
        Samantha and {Percival}, Will J. and {Perez-Fournon}, Ismael and
        {Petitjean}, Patrick and {Pieri}, Matthew M. and {Pinsonneault},
        Marc and {Pisani}, Alice and {Prada}, Francisco and {Prakash},
        Abhishek and {Queiroz}, Anna B{\'a}rbara de Andrade and
        {Raddick}, M. Jordan and {Raichoor}, Anand and {Barboza
        Rembold}, Sandro and {Richstein}, Hannah and {Riffel}, Rogemar
        A. and {Riffel}, Rog{\'e}rio and {Rix}, Hans-Walter and {Robin},
        Annie C. and {Rodr{\'\i}guez Torres}, Sergio and
        {Rom{\'a}n-Z{\'u}{\~n}iga}, Carlos and {Ross}, Ashley J. and
        {Rossi}, Graziano and {Ruan}, John and {Ruggeri}, Rossana and
        {Ruiz}, Jose and {Salvato}, Mara and {S{\'a}nchez}, Ariel G. and
        {S{\'a}nchez}, Sebasti{\'a}n F. and {Sanchez Almeida}, Jorge and
        {S{\'a}nchez-Gallego}, Jos{\'e} R. and {Santana Rojas}, Felipe
        Antonio and {Santiago}, Bas{\'\i}lio Xavier and {Schiavon},
        Ricardo P. and {Schimoia}, Jaderson S. and {Schlafly}, Edward
        and {Schlegel}, David and {Schneider}, Donald P. and {Schuster},
        William J. and {Schwope}, Axel and {Seo}, Hee-Jong and
        {Serenelli}, Aldo and {Shen}, Shiyin and {Shen}, Yue and
        {Shetrone}, Matthew and {Shull}, Michael and {Silva Aguirre},
        V{\'\i}ctor and {Simon}, Joshua D. and {Skrutskie}, Mike and
        {Slosar}, An{\v{z}}e and {Smethurst}, Rebecca and {Smith}, Verne
        and {Sobeck}, Jennifer and {Somers}, Garrett and {Souter},
        Barbara J. and {Souto}, Diogo and {Spindler}, Ashley and
        {Stark}, David V. and {Stassun}, Keivan and {Steinmetz},
        Matthias and {Stello}, Dennis and {Storchi-Bergmann}, Thaisa and
        {Streblyanska}, Alina and {Stringfellow}, Guy S. and
        {Su{\'a}rez}, Genaro and {Sun}, Jing and {Szigeti}, Laszlo and
        {Taghizadeh-Popp}, Manuchehr and {Talbot}, Michael S. and
        {Tang}, Baitian and {Tao}, Charling and {Tayar}, Jamie and
        {Tembe}, Mita and {Teske}, Johanna and {Thakar}, Aniruddha R.
        and {Thomas}, Daniel and {Tissera}, Patricia and {Tojeiro}, Rita
        and {Tremonti}, Christy and {Troup}, Nicholas W. and {Urry}, Meg
        and {Valenzuela}, O. and {van den Bosch}, Remco and {Vargas-
        Gonz{\'a}lez}, Jaime and {Vargas-Maga{\~n}a}, Mariana and
        {Vazquez}, Jose Alberto and {Villanova}, Sandro and {Vogt},
        Nicole and {Wake}, David and {Wang}, Yuting and {Weaver},
        Benjamin Alan and {Weijmans}, Anne-Marie and {Weinberg}, David
        H. and {Westfall}, Kyle B. and {Whelan}, David G. and {Wilcots},
        Eric and {Wild}, Vivienne and {Williams}, Rob A. and {Wilson},
        John and {Wood-Vasey}, W.~M. and {Wylezalek}, Dominika and
        {Xiao}, Ting and {Yan}, Renbin and {Yang}, Meng and {Ybarra},
        Jason E. and {Y{\`e}che}, Christophe and {Zakamska}, Nadia and
        {Zamora}, Olga and {Zarrouk}, Pauline and {Zasowski}, Gail and
        {Zhang}, Kai and {Zhao}, Cheng and {Zhao}, Gong-Bo and {Zheng},
        Zheng and {Zheng}, Zheng and {Zhou}, Zhi-Min and {Zhu}, Guangtun
        and {Zinn}, Joel C. and {Zou}, Hu},
        title = "{The Fourteenth Data Release of the Sloan Digital Sky Survey: First Spectroscopic Data from the Extended Baryon Oscillation Spectroscopic Survey and from the Second Phase of the Apache Point Observatory Galactic Evolution Experiment}",
      journal = {The Astrophysical Journal Supplement Series},
     keywords = {atlases, catalogs, surveys, Astrophysics - Astrophysics of Galaxies, Astrophysics - Instrumentation and Methods for Astrophysics},
         year = 2018,
        month = Apr,
       volume = {235},
          eid = {42},
        pages = {42},
          doi = {10.3847/1538-4365/aa9e8a},
archivePrefix = {arXiv},
       eprint = {1707.09322},
 primaryClass = {astro-ph.GA},
       adsurl = {https://ui.adsabs.harvard.edu/\#abs/2018ApJS..235...42A},
      adsnote = {Provided by the SAO/NASA Astrophysics Data System}
}
@ARTICLE{Liu_2017,
       author = {{Liu}, Chao and {Xu}, Yan and {Wan}, Jun-Chen and {Wang}, Hai-Feng and
        {Carlin}, Jeffrey L. and {Deng}, Li-Cai and {Newberg}, Heidi Jo
        and {Cao}, Zi-Huang and {Hou}, Yong-Hui and {Wang}, Yue-Fei and
        {Zhang}, Yong},
        title = "{Mapping the Milky Way with LAMOST I: method and overview}",
      journal = {Research in Astronomy and Astrophysics},
     keywords = {Astrophysics - Astrophysics of Galaxies},
         year = 2017,
        month = Sep,
       volume = {17},
          eid = {096},
        pages = {096},
          doi = {10.1088/1674-4527/17/9/96},
archivePrefix = {arXiv},
       eprint = {1701.07831},
 primaryClass = {astro-ph.GA},
       adsurl = {https://ui.adsabs.harvard.edu/\#abs/2017RAA....17...96L},
      adsnote = {Provided by the SAO/NASA Astrophysics Data System}
}
@ARTICLE{Valenti_1996,
       author = {{Valenti}, J.~A. and {Piskunov}, N.},
        title = "{Spectroscopy made easy: A new tool for fitting observations with synthetic spectra.}",
      journal = {Astronomy and Astrophysics Supplement Series},
     keywords = {RADIATIVE TRANSFER, METHODS: NUMERICAL, TECHNIQUES: SPECTROSCOPIC, STARS: FUNDAMENTAL PARAMETERS, SUN: FUNDAMENTAL PARAMETERS, ATOMIC DATA},
         year = 1996,
        month = Sep,
       volume = {118},
        pages = {595-603},
       adsurl = {https://ui.adsabs.harvard.edu/\#abs/1996A&AS..118..595V},
      adsnote = {Provided by the SAO/NASA Astrophysics Data System}
}
@ARTICLE{Andrievsky_1999,
       author = {{Andrievsky}, S.~M. and {Gorlova}, N.~I. and {Klochkova}, V.~G. and
        {Kovtyukh}, V.~V. and {Panchuk}, V.~E.},
        title = "{The Lithium-rich supergiant HD172365}",
      journal = {Astronomische Nachrichten},
         year = 1999,
        month = Jan,
       volume = {320},
        pages = {35},
       adsurl = {https://ui.adsabs.harvard.edu/\#abs/1999AN....320...35A},
      adsnote = {Provided by the SAO/NASA Astrophysics Data System}
}
@ARTICLE{Piskunov_1995,
       author = {{Piskunov}, N.~E. and {Kupka}, F. and {Ryabchikova}, T.~A. and {Weiss},
        W.~W. and {Jeffery}, C.~S.},
        title = "{VALD: The Vienna Atomic Line Data Base.}",
      journal = {Astronomy and Astrophysics Supplement Series},
     keywords = {ATOMIC DATA, STARS: ABUNDANCES, ASTRONOMICAL DATA BASES: MISCELLANEOUS},
         year = 1995,
        month = Sep,
       volume = {112},
        pages = {525},
       adsurl = {https://ui.adsabs.harvard.edu/\#abs/1995A&AS..112..525P},
      adsnote = {Provided by the SAO/NASA Astrophysics Data System}
}
@ARTICLE{Gratton_1989,
       author = {{Gratton}, R.~G. and {D'Antona}, F.},
        title = "{HD 39853 : a high velocity K5 III star with an exceptionally large Li content.}",
      journal = {\aap},
     keywords = {Asymptotic Giant Branch Stars, Cosmochemistry, K Stars, Lithium, Stellar Spectra, Abundance, Carbon Isotopes, Companion Stars, Stellar Evolution, White Dwarf Stars, Astrophysics},
         year = 1989,
        month = May,
       volume = {215},
        pages = {66-78},
       adsurl = {https://ui.adsabs.harvard.edu/\#abs/1989A&A...215...66G},
      adsnote = {Provided by the SAO/NASA Astrophysics Data System}
}
@ARTICLE{Adamow_2015,
       author = {{Adam{\'o}w}, M. and {Niedzielski}, A. and {Villaver}, E. and
        {Wolszczan}, A. and {Kowalik}, K. and {Nowak}, G. and
        {Adamczyk}, M. and {Deka-Szymankiewicz}, B.},
        title = "{Tracking Advanced Planetary Systems (TAPAS) with HARPS-N. II. Super Li-rich giant HD 107028}",
      journal = {\aap},
     keywords = {stars: individual: HD 107028, stars: late-type, stars: fundamental parameters, stars: atmospheres, techniques: spectroscopic, planetary systems},
         year = 2015,
        month = Sep,
       volume = {581},
          eid = {A94},
        pages = {A94},
          doi = {10.1051/0004-6361/201526582},
       adsurl = {https://ui.adsabs.harvard.edu/\#abs/2015A&A...581A..94A},
      adsnote = {Provided by the SAO/NASA Astrophysics Data System}
}
@ARTICLE{Charbonnel_2000,
       author = {{Charbonnel}, C. and {Balachandran}, S.~C.},
        title = "{The Nature of the lithium rich giants. Mixing episodes on the RGB and early-AGB}",
      journal = {\aap},
     keywords = {HYDRODYNAMICS, TURBULENCE, STARS: ABUNDANCES, STARS: INTERIORS, STARS: AGB AND POST-AGB, STARS: ROTATION, Astrophysics},
         year = 2000,
        month = Jul,
       volume = {359},
        pages = {563-572},
archivePrefix = {arXiv},
       eprint = {astro-ph/0005280},
 primaryClass = {astro-ph},
       adsurl = {https://ui.adsabs.harvard.edu/\#abs/2000A&A...359..563C},
      adsnote = {Provided by the SAO/NASA Astrophysics Data System}
}
@article{Iben_1967,
         doi = {10.1086/149040},
         url = {https://doi.org/10.1086%2F149040},
         year = 1967,
         month = {feb},
         publisher = {{IOP} Publishing},
         volume = {147},
         pages = {624},
         author = {Icko, Jr. Iben},
         title = {Stellar Evolution.{VI}. Evolution from the Main Sequence to the Red-Giant Branch for Stars of Mass 1 M{\_}$\lbrace$sun$\rbrace$, 1.25 M{\_}$\lbrace$sun$\rbrace$, and 1.5 M{\_}$\lbrace$sun$\rbrace$},
         journal = {The Astrophysical Journal}
}
@article{Brown_1989,
         doi = {10.1086/191375},
         url = {https://doi.org/10.1086%2F191375},
         year = 1989,
         month = {oct},
         publisher = {{IOP} Publishing},
         volume = {71},
         pages = {293},
         author = {Jeffery A. Brown and Christopher Sneden and David L. Lambert and Edward, Jr. Dutchover},
         title = {A search for lithium-rich giant stars},
         journal = {The Astrophysical Journal Supplement Series}
}
@article{Martell_2013,
         doi = {10.1093/mnras/sts661},
         url = {https://doi.org/10.1093%2Fmnras%2Fsts661},
         year = 2013,
         month = {jan},
         publisher = {Oxford University Press ({OUP})},
         volume = {430},
         number = {1},
         pages = {611--620},
         author = {S. L. Martell and M. D. Shetrone},
         title = {Lithium-rich field giants in the Sloan Digital Sky Survey},
         journal = {Monthly Notices of the Royal Astronomical Society}
}
@article{Siess_1999,
         doi = {10.1046/j.1365-8711.1999.02784.x},
         url = {https://doi.org/10.1046%2Fj.1365-8711.1999.02784.x},
         year = 1999,
         month = {oct},
         publisher = {Oxford University Press ({OUP})},
         volume = {308},
         number = {4},
         pages = {1133--1149},
         author = {L. Siess and M. Livio},
         title = {The accretion of brown dwarfs and planets by giant stars -- {II}. Solar-mass stars on the red giant branch},
         journal = {Monthly Notices of the Royal Astronomical Society}
}
@article{Kumar_2011,
         doi = {10.1088/2041-8205/730/1/l12},
         url = {https://doi.org/10.1088%2F2041-8205%2F730%2F1%2Fl12},
         year = 2011,
         month = {mar},
         publisher = {{IOP} Publishing},
         volume = {730},
         number = {1},
         pages = {L12},
         author = {Yerra Bharat Kumar and Bacham E. Reddy and David L. Lambert},
         title = {{ORIGIN} {OF} {LITHIUM} {ENRICHMENT} {IN} K {GIANTS}},
         journal = {The Astrophysical Journal}
}
@article{Lattanzio_2014,
         doi = {10.1093/mnras/stu2238},
         url = {https://doi.org/10.1093%2Fmnras%2Fstu2238},
         year = 2014,
         month = {nov},
         publisher = {Oxford University Press ({OUP})},
         volume = {446},
         number = {3},
         pages = {2673--2688},
         author = {J. C. Lattanzio and L. Siess and R. P. Church and G. Angelou and R. J. Stancliffe and C. L. Doherty and T. Stephen and S. W. Campbell},
         title = {On the numerical treatment and dependence of thermohaline mixing in red giants},
         journal = {Monthly Notices of the Royal Astronomical Society}
}
@article{Kirby_2016,
         doi = {10.3847/0004-637x/819/2/135},
         url = {https://doi.org/10.3847%2F0004-637x%2F819%2F2%2F135},
         year = 2016,
         month = {mar},
         publisher = {American Astronomical Society},
         volume = {819},
         number = {2},
         pages = {135},
         author = {Evan N. Kirby and Puragra Guhathakurta and Andrew J. Zhang and Jerry Hong and Michelle Guo and Rachel Guo and Judith G. Cohen and Katia Cunha},
         title = {{LITHIUM}-{RICH} {GIANTS} {IN} {GLOBULAR} {CLUSTERS}},
         journal = {The Astrophysical Journal}
}
@article{Lambert_1981,
         doi = {10.1086/159147},
         url = {https://doi.org/10.1086%2F159147},
         year = 1981,
         month = {aug},
         publisher = {{IOP} Publishing},
         volume = {248},
         pages = {228},
         author = {D. L. Lambert and L. M. Ries},
         title = {Carbon, nitrogen, and oxygen abundances in G and K giants},
         journal = {The Astrophysical Journal}
}
@article{Gilroy_1989,
         doi = {10.1086/168173},
         url = {https://doi.org/10.1086%2F168173},
         year = 1989,
         month = {dec},
         publisher = {{IOP} Publishing},
         volume = {347},
         pages = {835},
         author = {Kalpana Krishnaswamy Gilroy},
         title = {Carbon isotope ratios and lithium abundances in open cluster giants},
         journal = {The Astrophysical Journal}
}
@article{Cameron_1971,
         doi = {10.1086/150821},
         url = {https://doi.org/10.1086%2F150821},
         year = 1971,
         month = {feb},
         publisher = {{IOP} Publishing},
         volume = {164},
         pages = {111},
         author = {A. G. W. Cameron and W. A. Fowler},
         title = {Lithium and the s-{PROCESS} in Red-Giant Stars},
         journal = {The Astrophysical Journal}
}
@article{Sweigart_1979,
         doi = {10.1086/156996},
         url = {https://doi.org/10.1086%2F156996},
         year = 1979,
         month = {apr},
         publisher = {{IOP} Publishing},
         volume = {229},
         pages = {624},
         author = {A. V. Sweigart and J. G. Mengel},
         title = {Meridional circulation and {CNO} anomalies in red giant stars},
         journal = {The Astrophysical Journal}
}
@article{Fekel_1993,
         doi = {10.1086/172242},
         url = {https://doi.org/10.1086%2F172242},
         year = 1993,
         month = {feb},
         publisher = {{IOP} Publishing},
         volume = {403},
         pages = {708},
         author = {Francis C. Fekel and Suchitra Balachandran},
         title = {Lithium and rapid rotation in chromospherically active single giants},
         journal = {The Astrophysical Journal}
}
@article{Charbonnel_1995,
         doi = {10.1086/309744},
         url = {https://doi.org/10.1086%2F309744},
         year = 1995,
         month = {nov},
         publisher = {{IOP} Publishing},
         volume = {453},
         number = {1},
         author = {C. Charbonnel},
         title = {A Consistent Explanation for [{TSUP}]12[/{TSUP}]C/[{TSUP}]13[/{TSUP}]C, [{TSUP}]7[/{TSUP}]Li, and [{TSUP}]3[/{TSUP}]He Anomalies in Red Giant Stars},
         journal = {The Astrophysical Journal}
}
@article{Sackmann_1999,
         doi = {10.1086/306545},
         url = {https://doi.org/10.1086%2F306545},
         year = 1999,
         month = {jan},
         publisher = {{IOP} Publishing},
         volume = {510},
         number = {1},
         pages = {217--231},
         author = {I.-Juliana Sackmann and Arnold I. Boothroyd},
         title = {Creation of7Li and Destruction of3He,9Be,10B, and11B in Low-Mass Red Giants, Due to Deep Circulation},
         journal = {The Astrophysical Journal}
}
@article{Denissenkov_2003,
         doi = {10.1086/378954},
         url = {https://doi.org/10.1086%2F378954},
         year = 2003,
         month = {dec},
         publisher = {{IOP} Publishing},
         volume = {598},
         number = {2},
         pages = {1246--1254},
         author = {Pavel A. Denissenkov and Don A. VandenBerg},
         title = {Thermal Stability of Rotating Low-Mass Subgiants and Red Giants},
         journal = {The Astrophysical Journal}
}
@article{Denissenkov_2004,
         doi = {10.1086/422575},
         url = {https://doi.org/10.1086%2F422575},
         year = 2004,
         month = {sep},
         publisher = {{IOP} Publishing},
         volume = {612},
         number = {2},
         pages = {1081--1091},
         author = {Pavel A. Denissenkov and Falk Herwig},
         title = {Enhanced Extra Mixing in Low-Mass Red Giants: Lithium Production and Thermal Stability},
         journal = {The Astrophysical Journal}
}
@article{Mosser_2012,
         doi = {10.1051/0004-6361/201220106},
         url = {https://doi.org/10.1051%2F0004-6361%2F201220106},
         year = 2012,
         month = {nov},
         publisher = {{EDP} Sciences},
         volume = {548},
         pages = {A10},
         author = {B. Mosser and M. J. Goupil and K. Belkacem and J. P. Marques and P. G. Beck and S. Bloemen and J. De Ridder and C. Barban and S. Deheuvels and Y. Elsworth and S. Hekker and T. Kallinger and R. M. Ouazzani and M. Pinsonneault and R. Samadi and D. Stello and R. A. Garc{\'{\i}}a and T. C. Klaus and J. Li and S. Mathur and R. L. Morris},
         title = {Spin down of the core rotation in red giants},
         journal = {Astronomy {\&} Astrophysics}
}
@article{Stello_2013,
         doi = {10.1088/2041-8205/765/2/l41},
         url = {https://doi.org/10.1088%2F2041-8205%2F765%2F2%2Fl41},
         year = 2013,
         month = {feb},
         publisher = {{IOP} Publishing},
         volume = {765},
         number = {2},
         pages = {L41},
         author = {Dennis Stello and Daniel Huber and Timothy R. Bedding and Othman Benomar and Lars Bildsten and Yvonne P. Elsworth and Ronald L. Gilliland and Beno{\^{\i}}t Mosser and Bill Paxton and Timothy R. White},
         title = {{ASTEROSEISMIC} {CLASSIFICATION} {OF} {STELLAR} {POPULATIONS} {AMONG} 13,000 {RED} {GIANTS} {OBSERVED} {BYKEPLER}},
         journal = {The Astrophysical Journal}
}
@article{Vrard_2016,
         doi = {10.1051/0004-6361/201527259},
         url = {https://doi.org/10.1051%2F0004-6361%2F201527259},
         year = 2016,
         month = {mar},
         publisher = {{EDP} Sciences},
         volume = {588},
         pages = {A87},
         author = {M. Vrard and B. Mosser and R. Samadi},
         title = {Period spacings in red giants},
         journal = {Astronomy {\&} Astrophysics}
}
@article{Cumming_2008,
         doi = {10.1086/588487},
         url = {https://doi.org/10.1086%2F588487},
         year = 2008,
         month = {may},
         publisher = {{IOP} Publishing},
         volume = {120},
         number = {867},
         pages = {531--554},
         author = {Andrew Cumming and R. Paul Butler and Geoffrey W. Marcy and Steven S. Vogt and Jason T. Wright and Debra A. Fischer},
         title = {The Keck Planet Search: Detectability and the Minimum Mass and Orbital Period Distribution of Extrasolar Planets},
         journal = {Publications of the Astronomical Society of the Pacific}
}
@article{Karakas_2016,
         doi = {10.3847/0004-637x/825/1/26},
         url = {https://doi.org/10.3847%2F0004-637x%2F825%2F1%2F26},
         year = 2016,
         month = {jun},
         publisher = {American Astronomical Society},
         volume = {825},
         number = {1},
         pages = {26},
         author = {Amanda I. Karakas and Maria Lugaro},
         title = {{STELLAR} {YIELDS} {FROM} {METAL}-{RICH} {ASYMPTOTIC} {GIANT} {BRANCH} {MODELS}},
         journal = {The Astrophysical Journal}
}
@article{Melo_2005,
         doi = {10.1051/0004-6361:20041805},
         url = {https://doi.org/10.1051%2F0004-6361%3A20041805},
         year = 2005,
         month = {jul},
         publisher = {{EDP} Sciences},
         volume = {439},
         number = {1},
         pages = {227--235},
         author = {C. H. F. Melo and P. de Laverny and N. C. Santos and G. Israelian and S. Randich and  J. D. do Nascimento Jr and J. R. De Medeiros},
         title = {On the nature of lithium-rich giant stars},
         journal = {Astronomy {\&} Astrophysics}
}
@article{de_la_Reza_1997,
         doi = {10.1086/310685},
         url = {https://doi.org/10.1086%2F310685},
         year = 1997,
         month = {jun},
         publisher = {{IOP} Publishing},
         volume = {482},
         number = {1},
         pages = {L77--L80},
         author = {R. de la Reza and N. A. Drake and L. da Silva and C. A. O. Torres and E. L. Martin},
         title = {On a Rapid Lithium Enrichment and Depletion of K Giant Stars},
         journal = {The Astrophysical Journal}
}
@article{2016,
         doi = {10.1051/0004-6361/201629512},
         url = {https://doi.org/10.1051%2F0004-6361%2F201629512},
         year = 2016,
         month = {nov},
         publisher = {{EDP} Sciences},
         volume = {595},
         pages = {A2},
         author = {and A. G. A. Brown and A. Vallenari and T. Prusti and J. H.J. de Bruijne and F. Mignard and R. Drimmel and C. Babusiaux and C. A.L. Bailer-Jones and U. Bastian and M. Biermann and D. W. Evans and L. Eyer and F. Jansen and C. Jordi and D. Katz and S. A. Klioner and U. Lammers and L. Lindegren and X. Luri and W. O'Mullane and C. Panem and D. Pourbaix and S. Randich and P. Sartoretti and H. I. Siddiqui and C. Soubiran and V. Valette and F. van Leeuwen and N. A. Walton and C. Aerts and F. Arenou and M. Cropper and E. H{\o}g and M. G. Lattanzi and E. K. Grebel and A. D. Holland and C. Huc and X. Passot and M. Perryman and L. Bramante and C. Cacciari and J. Casta{\~{n}}eda and L. Chaoul and N. Cheek and F. De Angeli and C. Fabricius and R. Guerra and J. Hern{\'{a}}ndez and A. Jean-Antoine-Piccolo and E. Masana and R. Messineo and N. Mowlavi and K. Nienartowicz and D. Ord{\'{o}}{\~{n}}ez-Blanco and P. Panuzzo and J. Portell and P. J. Richards and M. Riello and G. M. Seabroke and P. Tanga and F. Th{\'{e}}venin and J. Torra and S. G. Els and G. Gracia-Abril and G. Comoretto and M. Garcia-Reinaldos and T. Lock and E. Mercier and M. Altmann and R. Andrae and T. L. Astraatmadja and I. Bellas-Velidis and K. Benson and J. Berthier and R. Blomme and G. Busso and B. Carry and A. Cellino and G. Clementini and S. Cowell and O. Creevey and J. Cuypers and M. Davidson and J. De Ridder and A. de Torres and L. Delchambre and A. Dell'Oro and C. Ducourant and Y. Fr{\'{e}}mat and M. Garc{\'{\i}}a-Torres and E. Gosset and J.-L. Halbwachs and N. C. Hambly and D. L. Harrison and M. Hauser and D. Hestroffer and S. T. Hodgkin and H. E. Huckle and A. Hutton and G. Jasniewicz and S. Jordan and M. Kontizas and A. J. Korn and A. C. Lanzafame and M. Manteiga and A. Moitinho and K. Muinonen and J. Osinde and E. Pancino and T. Pauwels and J.-M. Petit and A. Recio-Blanco and A. C. Robin and L. M. Sarro and C. Siopis and M. Smith and K. W. Smith and A. Sozzetti and W. Thuillot and W. van Reeven and Y. Viala and U. Abbas and A. Abreu Aramburu and S. Accart and J. J. Aguado and P. M. Allan and W. Allasia and G. Altavilla and M. A. {\'{A}}lvarez and J. Alves and R. I. Anderson and A. H. Andrei and E. Anglada Varela and E. Antiche and T. Antoja and S. Ant{\'{o}}n and B. Arcay and N. Bach and S. G. Baker and L. Balaguer-N{\'{u}}{\~{n}}ez and C. Barache and C. Barata and A. Barbier and F. Barblan and D. Barrado y Navascu{\'{e}}s and M. Barros and M. A. Barstow and U. Becciani and M. Bellazzini and A. Bello Garc{\'{\i}}a and V. Belokurov and P. Bendjoya and A. Berihuete and L. Bianchi and O. Bienaym{\'{e}} and F. Billebaud and N. Blagorodnova and S. Blanco-Cuaresma and T. Boch and A. Bombrun and R. Borrachero and S. Bouquillon and G. Bourda and H. Bouy and A. Bragaglia and M. A. Breddels and N. Brouillet and T. Brüsemeister and B. Bucciarelli and P. Burgess and R. Burgon and A. Burlacu and D. Busonero and R. Buzzi and E. Caffau and J. Cambras and H. Campbell and R. Cancelliere and T. Cantat-Gaudin and T. Carlucci and J. M. Carrasco and M. Castellani and P. Charlot and J. Charnas and A. Chiavassa and M. Clotet and G. Cocozza and R. S. Collins and G. Costigan and F. Crifo and N. J.G. Cross and M. Crosta and C. Crowley and C. Dafonte and Y. Damerdji and A. Dapergolas and P. David and M. David and P. De Cat and F. de Felice and P. de Laverny and F. De Luise and R. De March and D. de Martino and R. de Souza and J. Debosscher and E. del Pozo and M. Delbo and A. Delgado and H. E. Delgado and P. Di Matteo and S. Diakite and E. Distefano and C. Dolding and S. Dos Anjos and P. Drazinos and J. Duran and Y. Dzigan and B. Edvardsson and H. Enke and N. W. Evans and G. Eynard Bontemps and C. Fabre and M. Fabrizio and S. Faigler and A. J. Falc{\~{a}}o and M. Farr{\`{a}}s Casas and L. Federici and G. Fedorets and J. Fern{\'{a}}ndez-Hern{\'{a}}ndez and P. Fernique and A. Fienga and F. Figueras and F. Filippi and K. Findeisen and A. Fonti and M. Fouesneau and E. Fraile and M. Fraser and J. Fuchs and M. Gai and S. Galleti and L. Galluccio and D. Garabato and F. Garc{\'{\i}}a-Sedano and A. Garofalo and N. Garralda and P. Gavras and J. Gerssen and R. Geyer and G. Gilmore and S. Girona and G. Giuffrida and M. Gomes and A. Gonz{\'{a}}lez-Marcos and J. Gonz{\'{a}}lez-N{\'{u}}{\~{n}}ez and J. J. Gonz{\'{a}}lez-Vidal and M. Granvik and A. Guerrier and P. Guillout and J. Guiraud and A. G{\'{u}}rpide and R. Guti{\'{e}}rrez-S{\'{a}}nchez and L. P. Guy and R. Haigron and D. Hatzidimitriou and M. Haywood and U. Heiter and A. Helmi and D. Hobbs and W. Hofmann and B. Holl and G. Holland and J. A.S. Hunt and A. Hypki and V. Icardi and M. Irwin and G. Jevardat de Fombelle and P. Jofr{\'{e}} and P. G. Jonker and A. Jorissen and F. Julbe and A. Karampelas and A. Kochoska and R. Kohley and K. Kolenberg and E. Kontizas and S. E. Koposov and G. Kordopatis and P. Koubsky and A. Krone-Martins and M. Kudryashova and I. Kull and R. K. Bachchan and F. Lacoste-Seris and A. F. Lanza and J.-B. Lavigne and C. Le Poncin-Lafitte and Y. Lebreton and T. Lebzelter and S. Leccia and N. Leclerc and I. Lecoeur-Taibi and V. Lemaitre and H. Lenhardt and F. Leroux and S. Liao and E. Licata and H. E.P. Lindstr{\o}m and T. A. Lister and E. Livanou and A. Lobel and W. Löffler and M. L{\'{o}}pez and D. Lorenz and I. MacDonald and T. Magalh{\~{a}}es Fernandes and S. Managau and R. G. Mann and G. Mantelet and O. Marchal and J. M. Marchant and M. Marconi and S. Marinoni and P. M. Marrese and G. Marschalk{\'{o}} and D. J. Marshall and J. M. Mart{\'{\i}}n-Fleitas and M. Martino and N. Mary and G. Matijevi{\v{c}} and T. Mazeh and P. J. McMillan and S. Messina and D. Michalik and N. R. Millar and B. M. H. Miranda and D. Molina and R. Molinaro and M. Molinaro and L. Moln{\'{a}}r and M. Moniez and P. Montegriffo and R. Mor and A. Mora and R. Morbidelli and T. Morel and S. Morgenthaler and D. Morris and A. F. Mulone and T. Muraveva and I. Musella and J. Narbonne and G. Nelemans and L. Nicastro and L. Noval and C. Ord{\'{e}}novic and J. Ordieres-Mer{\'{e}} and P. Osborne and C. Pagani and I. Pagano and F. Pailler and H. Palacin and L. Palaversa and P. Parsons and M. Pecoraro and R. Pedrosa and H. Pentikäinen and B. Pichon and A. M. Piersimoni and F.-X. Pineau and E. Plachy and G. Plum and E. Poujoulet and A. Pr{\v{s}}a and L. Pulone and S. Ragaini and S. Rago and N. Rambaux and M. Ramos-Lerate and P. Ranalli and G. Rauw and A. Read and S. Regibo and C. Reyl{\'{e}} and R. A. Ribeiro and L. Rimoldini and V. Ripepi and A. Riva and G. Rixon and M. Roelens and M. Romero-G{\'{o}}mez and N. Rowell and F. Royer and L. Ruiz-Dern and G. Sadowski and T. Sagrist{\`{a}} Sell{\'{e}}s and J. Sahlmann and J. Salgado and E. Salguero and M. Sarasso and H. Savietto and M. Schultheis and E. Sciacca and M. Segol and J. C. Segovia and D. Segransan and I.-C. Shih and R. Smareglia and R. L. Smart and E. Solano and F. Solitro and R. Sordo and S. Soria Nieto and J. Souchay and A. Spagna and F. Spoto and U. Stampa and I. A. Steele and H. Steidelmüller and C. A. Stephenson and H. Stoev and F. F. Suess and M. Süveges and J. Surdej and L. Szabados and E. Szegedi-Elek and D. Tapiador and F. Taris and G. Tauran and M. B. Taylor and R. Teixeira and D. Terrett and B. Tingley and S. C. Trager and C. Turon and A. Ulla and E. Utrilla and G. Valentini and A. van Elteren and E. Van Hemelryck and M. van Leeuwen and M. Varadi and A. Vecchiato and J. Veljanoski and T. Via and D. Vicente and S. Vogt and H. Voss and V. Votruba and S. Voutsinas and G. Walmsley and M. Weiler and K. Weingrill and T. Wevers and {\L}. Wyrzykowski and A. Yoldas and M. {\v{Z}}erjal and S. Zucker and C. Zurbach and T. Zwitter and A. Alecu and M. Allen and C. Allende Prieto and A. Amorim and G. Anglada-Escud{\'{e}} and V. Arsenijevic and S. Azaz and P. Balm and M. Beck and H.-H. Bernstein and L. Bigot and A. Bijaoui and C. Blasco and M. Bonfigli and G. Bono and S. Boudreault and A. Bressan and S. Brown and P.-M. Brunet and P. Bunclark and R. Buonanno and A. G. Butkevich and C. Carret and C. Carrion and L. Chemin and F. Ch{\'{e}}reau and L. Corcione and E. Darmigny and K. S. de Boer and P. de Teodoro and P. T. de Zeeuw and C. Delle Luche and C. D. Domingues and P. Dubath and F. Fodor and B. Fr{\'{e}}zouls and A. Fries and D. Fustes and D. Fyfe and E. Gallardo and J. Gallegos and D. Gardiol and M. Gebran and A. Gomboc and A. G{\'{o}}mez and E. Grux and A. Gueguen and A. Heyrovsky and J. Hoar and G. Iannicola and Y. Isasi Parache and A.-M. Janotto and E. Joliet and A. Jonckheere and R. Keil and D.-W. Kim and P. Klagyivik and J. Klar and J. Knude and O. Kochukhov and I. Kolka and J. Kos and A. Kutka and V. Lainey and D. LeBouquin and C. Liu and D. Loreggia and V. V. Makarov and M. G. Marseille and C. Martayan and O. Martinez-Rubi and B. Massart and F. Meynadier and S. Mignot and U. Munari and A.-T. Nguyen and T. Nordlander and P. Ocvirk and K. S. O'Flaherty and A. Olias Sanz and P. Ortiz and J. Osorio and D. Oszkiewicz and A. Ouzounis and M. Palmer and P. Park and E. Pasquato and C. Peltzer and J. Peralta and F. P{\'{e}}turaud and T. Pieniluoma and E. Pigozzi and J. Poels and G. Prat and T. Prod'homme and F. Raison and J. M. Rebordao and D. Risquez and B. Rocca-Volmerange and S. Rosen and M. I. Ruiz-Fuertes and F. Russo and S. Sembay and I. Serraller Vizcaino and A. Short and A. Siebert and H. Silva and D. Sinachopoulos and E. Slezak and M. Soffel and D. Sosnowska and V. Strai{\v{z}}ys and M. ter Linden and D. Terrell and S. Theil and C. Tiede and L. Troisi and P. Tsalmantza and D. Tur and M. Vaccari and F. Vachier and P. Valles and W. Van Hamme and L. Veltz and J. Virtanen and J.-M. Wallut and R. Wichmann and M. I. Wilkinson and H. Ziaeepour and S. Zschocke},
         title = {{GaiaData} Release 1},
         journal = {Astronomy {\&} Astrophysics}
}
@article{Hartmann_1986,
         doi = {10.1086/164599},
         url = {https://doi.org/10.1086%2F164599},
         year = 1986,
         month = {oct},
         publisher = {{IOP} Publishing},
         volume = {309},
         pages = {275},
         author = {L. Hartmann and R. Hewett and S. Stahler and R. D. Mathieu},
         title = {Rotational and radial velocities of T Tauri stars},
         journal = {The Astrophysical Journal}
}
@article{Luo_2015,
         doi = {10.1088/1674-4527/15/8/002},
         url = {https://doi.org/10.1088%2F1674-4527%2F15%2F8%2F002},
         year = 2015,
         month = {jul},
         publisher = {{IOP} Publishing},
         volume = {15},
         number = {8},
         pages = {1095--1124},
         author = {A-Li Luo and Yong-Heng Zhao and Gang Zhao and Li-Cai Deng and Xiao-Wei Liu and Yi-Peng Jing and Gang Wang and Hao-Tong Zhang and Jian-Rong Shi and Xiang-Qun Cui and Yao-Quan Chu and Guo-Ping Li and Zhong-Rui Bai and Yue Wu and Yan Cai and Shu-Yun Cao and Zi-Huang Cao and Jeffrey L. Carlin and Hai-Yuan Chen and Jian-Jun Chen and Kun-Xin Chen and Li Chen and Xue-Lei Chen and Xiao-Yan Chen and Ying Chen and Norbert Christlieb and Jia-Ru Chu and Chen-Zhou Cui and Yi-Qiao Dong and Bing Du and Dong-Wei Fan and Lei Feng and Jian-Ning Fu and Peng Gao and Xue-Fei Gong and Bo-Zhong Gu and Yan-Xin Guo and Zhan-Wen Han and Bo-Liang He and Jin-Liang Hou and Yong-Hui Hou and Wen Hou and Hong-Zhuan Hu and Ning-Sheng Hu and Zhong-Wen Hu and Zhi-Ying Huo and Lei Jia and Fang-Hua Jiang and Xiang Jiang and Zhi-Bo Jiang and Ge Jin and Xiao Kong and Xu Kong and Ya-Juan Lei and Ai-Hua Li and Chang-Hua Li and Guang-Wei Li and Hai-Ning Li and Jian Li and Qi Li and Shuang Li and Sha-Sha Li and Xin-Nan Li and Yan Li and Yin-Bi Li and Ye-Ping Li and Yuan Liang and Chien-Cheng Lin and Chao Liu and Gen-Rong Liu and Guan-Qun Liu and Zhi-Gang Liu and Wen-Zhi Lu and Yu Luo and Yin-Dun Mao and Heidi Newberg and Ji-Jun Ni and Zhao-Xiang Qi and Yong-Jun Qi and Shi-Yin Shen and Huo-Ming Shi and Jing Song and Yi-Han Song and Ding-Qiang Su and Hong-Jun Su and Zheng-Hong Tang and Qing-Sheng Tao and Yuan Tian and Dan Wang and Da-Qi Wang and Feng-Fei Wang and Guo-Min Wang and Hai Wang and Hong-Chi Wang and Jian Wang and Jia-Ning Wang and Jian-Ling Wang and Jian-Ping Wang and Jun-Xian Wang and Lei Wang and Meng-Xin Wang and Shou-Guan Wang and Shu-Qing Wang and Xia Wang and Ya-Nan Wang and You Wang and Yue-Fei Wang and You-Fen Wang and Peng Wei and Ming-Zhi Wei and Hong Wu and Ke-Fei Wu and Xue-Bing Wu and Yu-Zhong Wu and Xiao-Zheng Xing and Ling-Zhe Xu and Xin-Qi Xu and Yan Xu and Tai-Sheng Yan and De-Hua Yang and Hai-Feng Yang and Hui-Qin Yang and Ming Yang and Zheng-Qiu Yao and Yong Yu and Hui Yuan and Hai-Bo Yuan and Hai-Long Yuan and Wei-Min Yuan and Chao Zhai and En-Peng Zhang and Hua-Wei Zhang and Jian-Nan Zhang and Li-Pin Zhang and Wei Zhang and Yong Zhang and Yan-Xia Zhang and Zheng-Chao Zhang and Ming Zhao and Fang Zhou and Xu Zhou and Jie Zhu and Yong-Tian Zhu and Si-Cheng Zou and Fang Zuo},
         title = {The first data release ({DR}1) of the {LAMOST} regular survey},
         journal = {Research in Astronomy and Astrophysics}
}
@article{Ho_2017a,
         doi = {10.3847/1538-4357/836/1/5},
         url = {https://doi.org/10.3847%2F1538-4357%2F836%2F1%2F5},
         year = 2017,
         month = {feb},
         publisher = {American Astronomical Society},
         volume = {836},
         number = {1},
         pages = {5},
         author = {Anna Y. Q. Ho and Melissa K. Ness and David W. Hogg and Hans-Walter Rix and Chao Liu and Fan Yang and Yong Zhang and Yonghui Hou and Yuefei Wang},
         title = {Label Transfer from {APOGEE} to {LAMOST}: Precise Stellar Parameters for 450,000 {LAMOST} Giants},
         journal = {The Astrophysical Journal}
}
@article{Ho_2017b,
         doi = {10.3847/1538-4357/aa6db3},
         url = {https://doi.org/10.3847%2F1538-4357%2Faa6db3},
         year = 2017,
         month = {may},
         publisher = {American Astronomical Society},
         volume = {841},
         number = {1},
         pages = {40},
         author = {Anna Y. Q. Ho and Hans-Walter Rix and Melissa K. Ness and David W. Hogg and Chao Liu and Yuan-Sen Ting},
         title = {Masses and Ages for 230,000 {LAMOST} Giants, via Their Carbon and Nitrogen Abundances},
         journal = {The Astrophysical Journal}
}
@article{Carlin_2012,
         doi = {10.1088/1674-4527/12/7/004},
         url = {https://doi.org/10.1088%2F1674-4527%2F12%2F7%2F004},
         year = 2012,
         month = {jun},
         publisher = {{IOP} Publishing},
         volume = {12},
         number = {7},
         pages = {755--771},
         author = {Jeffrey L. Carlin and S{\'{e}}bastien L{\'{e}}pine and Heidi Jo Newberg and Li-Cai Deng and Timothy C. Beers and Yu-Qin Chen and Norbert Christlieb and Xiao-Ting Fu and Shuang Gao and Carl J. Grillmair and Puragra Guhathakurta and Zhan-Wen Han and Jin-Liang Hou and Hsu-Tai Lee and Jing Li and Chao Liu and Xiao-Wei Liu and Kai-Ke Pan and J. A. Sellwood and Hong-Chi Wang and Fan Yang and Brian Yanny and Yue-Yang Zhang and Zheng Zheng and Zi Zhu},
         title = {An algorithm for preferential selection of spectroscopic targets in {LEGUE}},
         journal = {Research in Astronomy and Astrophysics}
}
@article{Casey_2016,
         doi = {10.1093/mnras/stw1512},
         url = {https://doi.org/10.1093%2Fmnras%2Fstw1512},
         year = 2016,
         month = {jul},
         publisher = {Oxford University Press ({OUP})},
         volume = {461},
         number = {3},
         pages = {3336--3352},
         author = {A. R. Casey and G. Ruchti and T. Masseron and S. Randich and G. Gilmore and K. Lind and G. M. Kennedy and S. E. Koposov and A. Hourihane and E. Franciosini and J. R. Lewis and L. Magrini and L. Morbidelli and G. G. Sacco and C. C. Worley and S. Feltzing and R. D. Jeffries and A. Vallenari and T. Bensby and A. Bragaglia and E. Flaccomio and P. Francois and A. J. Korn and A. Lanzafame and E. Pancino and A. Recio-Blanco and R. Smiljanic and G. Carraro and M. T. Costado and F. Damiani and P. Donati and A. Frasca and P. Jofr{\'{e}} and C. Lardo and P. de Laverny and L. Monaco and L. Prisinzano and L. Sbordone and S. G. Sousa and G. Tautvai{\v{s}}ien{\.{e}} and S. Zaggia and T. Zwitter and E. Delgado Mena and Y. Chorniy and S. L. Martell and V. Silva Aguirre and A. Miglio and C. Chiappini and J. Montalban and T. Morel and M. Valentini},
         title = {{TheGaia}-{ESO} Survey: revisiting the Li-rich giant problem},
         journal = {Monthly Notices of the Royal Astronomical Society}
}
@article{Hon_2017,
         doi = {10.1093/mnras/stx1174},
         url = {https://doi.org/10.1093%2Fmnras%2Fstx1174},
         year = 2017,
         month = {may},
         publisher = {Oxford University Press ({OUP})},
         volume = {469},
         number = {4},
         pages = {4578--4583},
         author = {Marc Hon and Dennis Stello and Jie Yu},
         title = {Deep learning classification in asteroseismology},
         journal = {Monthly Notices of the Royal Astronomical Society}
}
@article{Hekker_2017,
         doi = {10.1051/epjconf/201716004006},
         url = {https://doi.org/10.1051%2Fepjconf%2F201716004006},
         year = 2017,
         publisher = {{EDP} Sciences},
         volume = {160},
         pages = {04006},
         author = {Saskia Hekker and Yvonne Elsworth and Sarbani Basu and Earl Bellinger},
         editor = {M.J.P.F.G. Monteiro and M.S. Cunha and J.M.T.S. Ferreira},
         title = {Evolutionary states of red-giant stars from grid-based modelling},
         journal = {{EPJ} Web of Conferences}
}
@article{Choi_2016,
         doi = {10.3847/0004-637x/823/2/102},
         url = {https://doi.org/10.3847%2F0004-637x%2F823%2F2%2F102},
         year = 2016,
         month = {may},
         publisher = {American Astronomical Society},
         volume = {823},
         number = {2},
         pages = {102},
         author = {Jieun Choi and Aaron Dotter and Charlie Conroy and Matteo Cantiello and Bill Paxton and Benjamin D. Johnson},
         title = {{MESA} {ISOCHRONES} {AND} {STELLAR} {TRACKS} ({MIST}). I. {SOLAR}-{SCALED} {MODELS}},
         journal = {The Astrophysical Journal}
}
@article{Dotter_2016,
         doi = {10.3847/0067-0049/222/1/8},
         url = {https://doi.org/10.3847%2F0067-0049%2F222%2F1%2F8},
         year = 2016,
         month = {jan},
         publisher = {American Astronomical Society},
         volume = {222},
         number = {1},
         pages = {8},
         author = {Aaron Dotter},
         title = {{MESA} {ISOCHRONES} {AND} {STELLAR} {TRACKS} ({MIST}) 0: {METHODS} {FOR} {THE} {CONSTRUCTION} {OF} {STELLAR} {ISOCHRONES}},
         journal = {The Astrophysical Journal Supplement Series}
}
@article{McQuillan_2014,
         doi = {10.1088/0067-0049/211/2/24},
         url = {https://doi.org/10.1088%2F0067-0049%2F211%2F2%2F24},
         year = 2014,
         month = {mar},
         publisher = {{IOP} Publishing},
         volume = {211},
         number = {2},
         pages = {24},
         author = {A. McQuillan and T. Mazeh and S. Aigrain},
         title = {{ROTATION} {PERIODS} {OF} 34,030KEPLERMAIN-{SEQUENCE} {STARS}: {THE} {FULL} {AUTOCORRELATION} {SAMPLE}},
         journal = {The Astrophysical Journal Supplement Series}
}
@article{Martig_2016,
         doi = {10.1093/mnras/stv2830},
         url = {https://doi.org/10.1093%2Fmnras%2Fstv2830},
         year = 2016,
         month = {jan},
         publisher = {Oxford University Press ({OUP})},
         volume = {456},
         number = {4},
         pages = {3655--3670},
         author = {Marie Martig and Morgan Fouesneau and Hans-Walter Rix and Melissa Ness and Szabolcs M{\'{e}}sz{\'{a}}ros and D. A. Garc{\'{\i}}a-Hern{\'{a}}ndez and Marc Pinsonneault and Aldo Serenelli and Victor Silva Aguirre and Olga Zamora},
         title = {Red giant masses and ages derived from carbon and nitrogen abundances},
         journal = {Monthly Notices of the Royal Astronomical Society}
}
@article{Gustafsson_2008,
         doi = {10.1051/0004-6361:200809724},
         url = {https://doi.org/10.1051%2F0004-6361%3A200809724},
         year = 2008,
         month = {may},
         publisher = {{EDP} Sciences},
         volume = {486},
         number = {3},
         pages = {951--970},
         author = {B. Gustafsson and B. Edvardsson and K. Eriksson and U. G. J{\o}rgensen and {\AA}. Nordlund and B. Plez},
         title = {A grid of {MARCS} model atmospheres for late-type stars},
         journal = {Astronomy {\&} Astrophysics}
}
@article{Blanco_Cuaresma_2014,
         doi = {10.1051/0004-6361/201423945},
         url = {https://doi.org/10.1051%2F0004-6361%2F201423945},
         year = 2014,
         month = {sep},
         publisher = {{EDP} Sciences},
         volume = {569},
         pages = {A111},
         author = {S. Blanco-Cuaresma and C. Soubiran and U. Heiter and P. Jofr{\'{e}}},
         title = {Determining stellar atmospheric parameters and chemical abundances of {FGK} stars with {iSpec}},
         journal = {Astronomy {\&} Astrophysics}
}
@article{Kroupa_2001,
         doi = {10.1046/j.1365-8711.2001.04022.x},
         url = {https://doi.org/10.1046%2Fj.1365-8711.2001.04022.x},
         year = 2001,
         month = {apr},
         publisher = {Oxford University Press ({OUP})},
         volume = {322},
         number = {2},
         pages = {231--246},
         author = {P. Kroupa},
         title = {On the variation of the initial mass function},
         journal = {Monthly Notices of the Royal Astronomical Society}
}
@article{Politano_2010,
         doi = {10.1088/0004-637x/720/2/1752},
         url = {https://doi.org/10.1088%2F0004-637x%2F720%2F2%2F1752},
         year = 2010,
         month = {aug},
         publisher = {{IOP} Publishing},
         volume = {720},
         number = {2},
         pages = {1752--1766},
         author = {Michael Politano and Marc van der Sluys and Ronald E Taam and Bart Willems},
         title = {{POPULATION} {SYNTHESIS} {OF} {COMMON} {ENVELOPE} {MERGERS}. I. {GIANT} {STARS} {WITH} {STELLAR} {OR} {SUBSTELLAR} {COMPANIONS}},
         journal = {The Astrophysical Journal}
}
@article{Ivanova_2013,
         doi = {10.1126/science.1225540},
         url = {https://doi.org/10.1126%2Fscience.1225540},
         year = 2013,
         month = {jan},
         publisher = {American Association for the Advancement of Science ({AAAS})},
         volume = {339},
         number = {6118},
         pages = {433--435},
         author = {N. Ivanova and S. Justham and J. L. A. Nandez and J. C. Lombardi},
         title = {Identification of the Long-Sought Common-Envelope Events},
         journal = {Science}
}
@article{Shafter_2017,
         doi = {10.3847/1538-4357/834/2/196},
         url = {https://doi.org/10.3847%2F1538-4357%2F834%2F2%2F196},
         year = 2017,
         month = {jan},
         publisher = {American Astronomical Society},
         volume = {834},
         number = {2},
         pages = {196},
         author = {A. W. Shafter},
         title = {{THE} {GALACTIC} {NOVA} {RATE} {REVISITED}},
         journal = {The Astrophysical Journal}
}
@article{Williams_2016,
         doi = {10.3847/0004-637x/817/2/143},
         url = {https://doi.org/10.3847%2F0004-637x%2F817%2F2%2F143},
         year = 2016,
         month = {jan},
         publisher = {American Astronomical Society},
         volume = {817},
         number = {2},
         pages = {143},
         author = {S. C. Williams and M. J. Darnley and M. F. Bode and A. W. Shafter},
         title = {{ON} {THE} {PROGENITORS} {OF} {LOCAL} {GROUP} {NOVAE}. {II}. {THE} {RED} {GIANT} {NOVA} {RATE} {OF} M31},
         journal = {The Astrophysical Journal}
}
@article{Frasca_2016,
         doi = {10.1051/0004-6361/201628337},
         url = {https://doi.org/10.1051%2F0004-6361%2F201628337},
         year = 2016,
         month = {oct},
         publisher = {{EDP} Sciences},
         volume = {594},
         pages = {A39},
         author = {A. Frasca and J. Molenda-{\.{Z}}akowicz and P. De Cat and G. Catanzaro and J. N. Fu and A. B. Ren and A. L. Luo and J. R. Shi and Y. Wu and H. T. Zhang},
         title = {Activity indicators and stellar parameters of {theKeplertargets}},
         journal = {Astronomy {\&} Astrophysics}
}
@article{Kunder_2017,
         doi = {10.3847/1538-3881/153/2/75},
         url = {https://doi.org/10.3847%2F1538-3881%2F153%2F2%2F75},
         year = 2017,
         month = {jan},
         publisher = {American Astronomical Society},
         volume = {153},
         number = {2},
         pages = {75},
         author = {Andrea Kunder and Georges Kordopatis and Matthias Steinmetz and Toma{\v{z}} Zwitter and Paul J. McMillan and Luca Casagrande and Harry Enke and Jennifer Wojno and Marica Valentini and Cristina Chiappini and Gal Matijevi{\v{c}} and Alessandro Siviero and Patrick de Laverny and Alejandra Recio-Blanco and Albert Bijaoui and Rosemary F. G. Wyse and James Binney and E. K. Grebel and Amina Helmi and Paula Jofre and Teresa Antoja and Gerard Gilmore and Arnaud Siebert and Benoit Famaey and Olivier Bienaym{\'{e}} and Brad K. Gibson and Kenneth C. Freeman and Julio F. Navarro and Ulisse Munari and George Seabroke and Borja Anguiano and Maru{\v{s}}a {\v{Z}}erjal and Ivan Minchev and Warren Reid and Joss Bland-Hawthorn and Janez Kos and Sanjib Sharma and Fred Watson and Quentin A. Parker and Ralf-Dieter Scholz and Donna Burton and Paul Cass and Malcolm Hartley and Kristin Fiegert and Milorad Stupar and Andreas Ritter and Keith Hawkins and Ortwin Gerhard and W. J. Chaplin and G. R. Davies and Y. P. Elsworth and M. N. Lund and A. Miglio and B. Mosser},
         title = {{THE} {RADIAL} {VELOCITY} {EXPERIMENT} ({RAVE}): {FIFTH} {DATA} {RELEASE}},
         journal = {The Astronomical Journal}
}
@article{Hurley_2002,
         doi = {10.1046/j.1365-8711.2002.05038.x},
         url = {https://doi.org/10.1046%2Fj.1365-8711.2002.05038.x},
         year = 2002,
         month = {feb},
         publisher = {Oxford University Press ({OUP})},
         volume = {329},
         number = {4},
         pages = {897--928},
         author = {Jarrod R. Hurley and Christopher A. Tout and Onno R. Pols},
         title = {Evolution of binary stars and the effect of tides on binary populations},
         journal = {Monthly Notices of the Royal Astronomical Society}
}
@article{Raghavan_2010,
         doi = {10.1088/0067-0049/190/1/1},
         url = {https://doi.org/10.1088%2F0067-0049%2F190%2F1%2F1},
         year = 2010,
         month = {aug},
         publisher = {{IOP} Publishing},
         volume = {190},
         number = {1},
         pages = {1--42},
         author = {Deepak Raghavan and Harold A. McAlister and Todd J. Henry and David W. Latham and Geoffrey W. Marcy and Brian D. Mason and Douglas R. Gies and Russel J. White and Theo A. ten Brummelaar},
         title = {A {SURVEY} {OF} {STELLAR} {FAMILIES}: {MULTIPLICITY} {OF} {SOLAR}-{TYPE} {STARS}},
         journal = {The Astrophysical Journal Supplement Series}
}
@article{Costa_2002,
         doi = {10.1051/0004-6361:20011676},
         url = {https://doi.org/10.1051%2F0004-6361%3A20011676},
         year = 2002,
         month = {feb},
         publisher = {{EDP} Sciences},
         volume = {382},
         number = {3},
         pages = {1016--1020},
         author = {J. M. Costa and L. da Silva and J. D. do Nascimento and J. R. De Medeiros},
         title = {The tidal effects on the lithium abundance of binary
          systems with giant component},
         journal = {Astronomy {\&} Astrophysics}
}
@article{Despain_1981,
         doi = {10.1086/159510},
         url = {https://doi.org/10.1086%2F159510},
         year = 1981,
         month = {dec},
         publisher = {{IOP} Publishing},
         volume = {251},
         pages = {639},
         author = {K. H. Despain},
         title = {Low-mass evolution - Zero-age main sequence to asymptotic giant branch},
         journal = {The Astrophysical Journal}
}
@article{Eddington_1929,
         doi = {10.1093/mnras/90.1.54},
         url = {https://doi.org/10.1093%2Fmnras%2F90.1.54},
         year = 1929,
         month = {nov},
         publisher = {Oxford University Press ({OUP})},
         volume = {90},
         number = {1},
         pages = {54--59},
         author = {A. S. Eddington},
         title = {Internal Circulation in Rotating Stars},
         journal = {Monthly Notices of the Royal Astronomical Society}
}
@article{Palacios_2006,
         doi = {10.1051/0004-6361:20053065},
         url = {https://doi.org/10.1051%2F0004-6361%3A20053065},
         year = 2006,
         month = {jun},
         publisher = {{EDP} Sciences},
         volume = {453},
         number = {1},
         pages = {261--278},
         author = {A. Palacios and C. Charbonnel and S. Talon and L. Siess},
         title = {Rotational mixing in low-mass stars},
         journal = {Astronomy {\&} Astrophysics}
}
@article{Deshpande_2013,
         doi = {10.1088/0004-6256/146/6/156},
         url = {https://doi.org/10.1088%2F0004-6256%2F146%2F6%2F156},
         year = 2013,
         month = {nov},
         publisher = {{IOP} Publishing},
         volume = {146},
         number = {6},
         pages = {156},
         author = {R. Deshpande and C. H. Blake and C. F. Bender and S. Mahadevan and R. C. Terrien and J. K. Carlberg and G. Zasowski and J. Crepp and A. S. Rajpurohit and C. Reyl{\'{e}} and D. L. Nidever and D. P. Schneider and C. Allende Prieto and D. Bizyaev and G. Ebelke and S. W. Fleming and P. M. Frinchaboy and J. Ge and F. Hearty and J. Hern{\'{a}}ndez and E. Malanushenko and V. Malanushenko and S. R. Majewski and R. Marchwinski and D. Muna and D. Oravetz and K. Pan and R. P. Schiavon and M. Shetrone and A. Simmons and K. G. Stassun and J. C. Wilson and J. P. Wisniewski},
         title = {{THE} {SDSS}-{III} {APOGEE} {RADIAL} {VELOCITY} {SURVEY} {OF} M {DWARFS}. I. {DESCRIPTION} {OF} {THE} {SURVEY} {AND} {SCIENCE} {GOALS}},
         journal = {The Astronomical Journal}
}
@article{Siebert_2011,
         doi = {10.1088/0004-6256/141/6/187},
         url = {https://doi.org/10.1088%2F0004-6256%2F141%2F6%2F187},
         year = 2011,
         month = {may},
         publisher = {{IOP} Publishing},
         volume = {141},
         number = {6},
         pages = {187},
         author = {A. Siebert and M. E. K. Williams and A. Siviero and W. Reid and C. Boeche and M. Steinmetz and J. Fulbright and U. Munari and T. Zwitter and F. G. Watson and R. F. G. Wyse and R. S. de Jong and H. Enke and B. Anguiano and D. Burton and C. J. P. Cass and K. Fiegert and M. Hartley and A. Ritter and K. S. Russel and M. Stupar and O. Bienaym{\'{e}} and K. C. Freeman and G. Gilmore and E. K. Grebel and A. Helmi and J. F. Navarro and J. Binney and J. Bland-Hawthorn and R. Campbell and B. Famaey and O. Gerhard and B. K. Gibson and G. Matijevi{\v{c}} and Q. A. Parker and G. M. Seabroke and S. Sharma and M. C. Smith and E. Wylie-de Boer},
         title = {{THE} {RADIAL} {VELOCITY} {EXPERIMENT} ({RAVE}): {THIRD} {DATA} {RELEASE}},
         journal = {The Astronomical Journal}
}
@article{Tout_1992,
         doi = {10.1093/mnras/256.2.269},
         url = {https://doi.org/10.1093%2Fmnras%2F256.2.269},
         year = 1992,
         month = {may},
         publisher = {Oxford University Press ({OUP})},
         volume = {256},
         number = {2},
         pages = {269--276},
         author = {C. A. Tout and J. E. Pringle},
         title = {Spin-down of rapidly rotating, convective stars},
         journal = {Monthly Notices of the Royal Astronomical Society}
}
@article{Lindegren_2018,
         doi = {10.1051/0004-6361/201832727},
         url = {https://doi.org/10.1051%2F0004-6361%2F201832727},
         year = 2018,
         month = {aug},
         publisher = {{EDP} Sciences},
         volume = {616},
         pages = {A2},
         author = {L. Lindegren and J. Hern{\'{a}}ndez and A. Bombrun and S. Klioner and U. Bastian and M. Ramos-Lerate and A. de Torres and H. Steidelmüller and C. Stephenson and D. Hobbs and U. Lammers and M. Biermann and R. Geyer and T. Hilger and D. Michalik and U. Stampa and P.J. McMillan and J. Casta{\~{n}}eda and M. Clotet and G. Comoretto and M. Davidson and C. Fabricius and G. Gracia and N.C. Hambly and A. Hutton and A. Mora and J. Portell and F. van Leeuwen and U. Abbas and A. Abreu and M. Altmann and A. Andrei and E. Anglada and L. Balaguer-N{\'{u}}{\~{n}}ez and C. Barache and U. Becciani and S. Bertone and L. Bianchi and S. Bouquillon and G. Bourda and T. Brüsemeister and B. Bucciarelli and D. Busonero and R. Buzzi and R. Cancelliere and T. Carlucci and P. Charlot and N. Cheek and M. Crosta and C. Crowley and J. de Bruijne and F. de Felice and R. Drimmel and P. Esquej and A. Fienga and E. Fraile and M. Gai and N. Garralda and J.J. Gonz{\'{a}}lez-Vidal and R. Guerra and M. Hauser and W. Hofmann and B. Holl and S. Jordan and M.G. Lattanzi and H. Lenhardt and S. Liao and E. Licata and T. Lister and W. Löffler and J. Marchant and J.-M. Martin-Fleitas and R. Messineo and F. Mignard and R. Morbidelli and E. Poggio and A. Riva and N. Rowell and E. Salguero and M. Sarasso and E. Sciacca and H. Siddiqui and R.L. Smart and A. Spagna and I. Steele and F. Taris and J. Torra and A. van Elteren and W. van Reeven and A. Vecchiato},
         title = {Gaia Data Release 2},
         journal = {Astronomy {\&} Astrophysics}
}